<record><leader>00000cas a2200000 a 4500</leader><controlfield tag="001">10668694</controlfield><controlfield tag="008">840426d19521997azudr ne      0   a0eng c</controlfield><datafield ind1=" " ind2=" " tag="010"><subfield code="a">sn 95060625 </subfield></datafield><datafield ind1=" " ind2=" " tag="040"><subfield code="a">ATM</subfield><subfield code="b">eng</subfield><subfield code="c">ATM</subfield><subfield code="d">OCL</subfield><subfield code="d">ANN</subfield><subfield code="d">CNK</subfield><subfield code="d">OCLCQ</subfield><subfield code="d">OCLCF</subfield><subfield code="d">OCLCO</subfield></datafield><datafield ind1="1" ind2=" " tag="029"><subfield code="a">AU@</subfield><subfield code="b">000012176250</subfield></datafield><datafield ind1="1" ind2=" " tag="029"><subfield code="a">NZ1</subfield><subfield code="b">16076010</subfield></datafield><datafield ind1=" " ind2=" " tag="042"><subfield code="a">pcc</subfield></datafield><datafield ind1=" " ind2=" " tag="043"><subfield code="a">n-us-az</subfield></datafield><datafield ind1=" " ind2=" " tag="092"><subfield code="a">071</subfield><subfield code="b">M578</subfield></datafield><datafield ind1="0" ind2=" " tag="130"><subfield code="a">Mesa tribune (Mesa, Ariz. : 1952)</subfield></datafield><datafield ind1="1" ind2="0" tag="245"><subfield code="a">Mesa tribune.</subfield></datafield><datafield ind1="1" ind2=" " tag="246"><subfield code="i">Satuday issues published as:</subfield><subfield code="a">Saturday tribune</subfield><subfield code="f">Apr. 1978-&lt;May 6, 1997&gt;</subfield></datafield><datafield ind1="1" ind2=" " tag="246"><subfield code="i">Sunday issues published as:</subfield><subfield code="a">Sunday tribune</subfield><subfield code="f">Apr. 1978-&lt;&lt;May 6, 1997&gt;</subfield></datafield><datafield ind1=" " ind2=" " tag="260"><subfield code="a">Mesa, Ariz. :</subfield><subfield code="b">Tribune Pub. Co.,</subfield><subfield code="c">1952-1997.</subfield></datafield><datafield ind1=" " ind2=" " tag="300"><subfield code="a">v. :</subfield><subfield code="b">ill.</subfield></datafield><datafield ind1=" " ind2=" " tag="310"><subfield code="a">Daily,</subfield><subfield code="b">Apr. 2, 1978-May 6, 1997</subfield></datafield><datafield ind1=" " ind2=" " tag="321"><subfield code="a">Daily (except Sun),</subfield><subfield code="b">Jan. 2, 1952-Apr. 1, 1978</subfield></datafield><datafield ind1="0" ind2=" " tag="362"><subfield code="a">Vol. 3, no. 253 (Jan. 2, 1952)-v. 49, no. 121 (May 6, 1997).</subfield></datafield><datafield ind1=" " ind2=" " tag="500"><subfield code="a">Includes color comic section, 1952-1953.</subfield></datafield><datafield ind1=" " ind2=" " tag="530"><subfield code="a">Issued on microfilm by City Clerk Records Management, City of Mesa, Ariz.</subfield></datafield><datafield ind1=" " ind2=" " tag="530"><subfield code="a">Master negatives are available for duplication from:</subfield><subfield code="b">California Newspaper Microfilm Archive;</subfield><subfield code="c">positive copies may be purchased by the reel; for further information consult the CNMA at:</subfield><subfield code="u">http://cbsr.ucr.edu</subfield></datafield><datafield ind1=" " ind2=" " tag="580"><subfield code="a">Merged with: Chandler Arizonan tribune, Gilbert tribune, Tempe daily news tribune; to form: Tribune.</subfield></datafield><datafield ind1=" " ind2="0" tag="651"><subfield code="a">Mesa (Ariz.)</subfield><subfield code="v">Newspapers.</subfield></datafield><datafield ind1=" " ind2="0" tag="651"><subfield code="a">Maricopa County (Ariz.)</subfield><subfield code="v">Newspapers.</subfield></datafield><datafield ind1=" " ind2="7" tag="655"><subfield code="a">Newspapers.</subfield><subfield code="2">fast</subfield><subfield code="0">(OCoLC)fst01423814</subfield></datafield><datafield ind1=" " ind2="7" tag="651"><subfield code="a">Arizona</subfield><subfield code="z">Maricopa County.</subfield><subfield code="2">fast</subfield><subfield code="0">(OCoLC)fst01217111</subfield></datafield><datafield ind1=" " ind2="7" tag="651"><subfield code="a">Arizona</subfield><subfield code="z">Mesa.</subfield><subfield code="2">fast</subfield><subfield code="0">(OCoLC)fst01216951</subfield></datafield><datafield ind1=" " ind2=" " tag="752"><subfield code="a">United States</subfield><subfield code="b">Arizona</subfield><subfield code="c">Maricopa</subfield><subfield code="d">Mesa.</subfield></datafield><datafield ind1="0" ind2="0" tag="780"><subfield code="t">Mesa daily tribune (Mesa, Ariz. : 1950)</subfield><subfield code="w">(DLC)sn 95060624</subfield><subfield code="w">(OCoLC)33667648</subfield></datafield><datafield ind1="1" ind2="7" tag="785"><subfield code="t">Gilbert tribune</subfield><subfield code="w">(DLC)sn 95060616</subfield><subfield code="w">(OCoLC)34019486</subfield></datafield><datafield ind1="1" ind2="7" tag="785"><subfield code="t">Tempe daily news tribune</subfield><subfield code="w">(DLC)sn 95060615</subfield><subfield code="w">(OCoLC)14788712</subfield></datafield><datafield ind1="1" ind2="7" tag="785"><subfield code="t">Chandler Arizonan tribune</subfield><subfield code="w">(DLC)sn 94050869</subfield><subfield code="w">(OCoLC)23526649</subfield></datafield><datafield ind1="1" ind2="7" tag="785"><subfield code="t">Tribune (Mesa, Ariz.)</subfield><subfield code="w">(DLC)sn 99068175</subfield><subfield code="w">(OCoLC)42928972</subfield></datafield></record>